@book{MitzenmacherUpfal2005,
  author    = {Michael Mitzenmacher and
               Eli Upfal},
  title     = {{Probability and Computing: Randomized Algorithms and Probabilistic Analysis}},
  publisher = {Cambridge University Press},
  year      = {2005},
}
